<record><leader>00000cas a22000007a 4500</leader><controlfield tag="001">10249000</controlfield><controlfield tag="008">831223d19361939ohuwr ne      0    0eng d</controlfield><datafield ind1=" " ind2=" " tag="010"><subfield code="a">sn 83035689 </subfield></datafield><datafield ind1=" " ind2=" " tag="040"><subfield code="a">NPY</subfield><subfield code="b">eng</subfield><subfield code="c">NPY</subfield><subfield code="d">ONP</subfield><subfield code="d">OCLCQ</subfield></datafield><datafield ind1=" " ind2=" " tag="042"><subfield code="a">msc</subfield></datafield><datafield ind1="0" ind2="0" tag="245"><subfield code="a">Heights-Shaker press.</subfield></datafield><datafield ind1=" " ind2=" " tag="260"><subfield code="a">Cleveland Heights, Ohio :</subfield><subfield code="b">Heights Press Co.,</subfield><subfield code="c">1936-1939.</subfield></datafield><datafield ind1=" " ind2=" " tag="300"><subfield code="a">3 v. :</subfield><subfield code="b">ill. ;</subfield><subfield code="c">58 cm.</subfield></datafield><datafield ind1=" " ind2=" " tag="310"><subfield code="a">Weekly</subfield></datafield><datafield ind1="0" ind2=" " tag="362"><subfield code="a">Sixteenth year, no. 1 (Nov. 6, 1936)-no. 955 (Mar. 31, 1939).</subfield></datafield><datafield ind1=" " ind2=" " tag="500"><subfield code="a">Published on Friday.</subfield></datafield><datafield ind1=" " ind2=" " tag="500"><subfield code="a">Editor: Samuel Slotky, Nov. 6, 1936-Mar. 31, 1939.</subfield></datafield><datafield ind1="8" ind2=" " tag="521"><subfield code="a">"The primary interest of the Heights-Shaker press is the Heights area. It covers Cleveland Heights, Shaker Heights, University Heights, Beechwood, Pepper Pike, Warrensville Heights, Euclid, Hunting Valley and Independence."</subfield></datafield><datafield ind1="1" ind2=" " tag="700"><subfield code="a">Slotky, Samuel.</subfield></datafield><datafield ind1=" " ind2=" " tag="752"><subfield code="a">United States</subfield><subfield code="b">Ohio</subfield><subfield code="c">Cuyahoga</subfield><subfield code="d">Cleveland Heights.</subfield></datafield><datafield ind1="0" ind2="0" tag="780"><subfield code="t">Heights press (Cleveland Heights, Ohio : 1926)</subfield><subfield code="w">(DLC)sn 83035688</subfield></datafield><datafield ind1="0" ind2="0" tag="785"><subfield code="t">Heights press (Cleveland Heights, Ohio : 1939)</subfield><subfield code="w">(DLC)sn 83035690</subfield></datafield><datafield ind1="1" ind2=" " tag="029"><subfield code="a">AU@</subfield><subfield code="b">000025787532</subfield></datafield></record>